@article{ward2016dynamic,
    title={Dynamic calibration of agent-based models using data assimilation},
    author={Ward, Jonathan A and Evans, Andrew J and Malleson, Nicolas S},
    journal={Royal Society open science},
    volume={3},
    number={4},
    pages={150703},
    year={2016},
    publisher={The Royal Society}
}

@article{wang2015data,
    title={Data assimilation in agent based simulation of smart environments
    using particle filters},
    author={Wang, Minghao and Hu, Xiaolin},
    journal={Simulation Modelling Practice and Theory},
    volume={56},
    pages={36--54},
    year={2015},
    publisher={Elsevier}
}

@article{evensen2003ensemble,
    title={The ensemble Kalman filter: Theoretical formulation and practical
           implementation},
    author={Evensen, Geir},
    journal={Ocean dynamics},
    volume={53},
    number={4},
    pages={343--367},
    year={2003},
    publisher={Springer}
}

@article{evensen2009ensemble,
    title={The ensemble Kalman filter for combined state and parameter
           estimation},
    author={Evensen, Geir},
    journal={IEEE Control Systems Magazine},
    volume={29},
    number={3},
    pages={83--104},
    year={2009},
    publisher={IEEE}
}

@article{kalman1960new,
    title={A new approach to linear filtering and prediction problems},
    author={Kalman, Rudolph Emil},
    journal={Journal of basic Engineering},
    volume={82},
    number={1},
    pages={35--45},
    year={1960},
    publisher={American Society of Mechanical Engineers}
}

@article{thiele2014facilitating,
    title={Facilitating parameter estimation and sensitivity analysis of agent-based models: A cookbook using NetLogo and R},
    author={Thiele, Jan C and Kurth, Winfried and Grimm, Volker},
    journal={Journal of Artificial Societies and Social Simulation},
    volume={17},
    number={3},
    pages={11},
    year={2014}
}

@book{kalnay2003atmospheric,
    title={Atmospheric modeling, data assimilation and predictability},
    author={Kalnay, Eugenia},
    year={2003},
    publisher={Cambridge university press}
}

@article{liu2014agent,
    title={An agent-based microscopic pedestrian flow simulation model for
           pedestrian traffic problems},
    author={Liu, Shaobo and Lo, Siuming and Ma, Jian and Wang, Weili},
    journal={IEEE Transactions on Intelligent Transportation Systems},
    volume={15},
    number={3},
    pages={992--1001},
    year={2014},
    publisher={IEEE}
}

@article{batty2003discrete,
    title={The discrete dynamics of small-scale spatial events: agent-based
           models of mobility in carnivals and street parades},
    author={Batty, Michael and DeSyllas, Jake and Duxbury, Elspeth},
    journal={International Journal of Geographical Information Science},
    volume={17},
    number={7},
    pages={673--697},
    year={2003},
    publisher={Taylor \& Francis}
}

@article{crooks2008key,
    title={Key challenges in agent-based modelling for geo-spatial
           simulation},
    author={Crooks, Andrew and Castle, Christian and Batty, Michael},
    journal={Computers, Environment and Urban Systems},
    volume={32},
    number={6},
    pages={417--430},
    year={2008},
    publisher={Elsevier}
}

@article{burstedde2001simulation,
    title={Simulation of pedestrian dynamics using a two-dimensional cellular
           automaton},
    author={Burstedde, Carsten and Klauck, Kai and Schadschneider, Andreas
            and Zittartz, Johannes},
    journal={Physica A: Statistical Mechanics and its Applications},
    volume={295},
    number={3-4},
    pages={507--525},
    year={2001},
    publisher={Elsevier}
}

@article{stanislaw1986tests,
    title={Tests of computer simulation validity: what do they measure?},
    author={Stanislaw, Harold},
    journal={Simulation \& Games},
    volume={17},
    number={2},
    pages={173--191},
    year={1986},
    publisher={Sage Publications Sage CA: Thousand Oaks, CA}
}

@inproceedings{xiang2005verification,
    title={Verification and validation of agent-based scientific simulation
           models},
    author={Xiang, Xiaorong and Kennedy, Ryan and Madey, Gregory and
            Cabaniss, Steve},
    booktitle={Agent-directed simulation conference},
    volume={47},
    pages={55},
    year={2005}
}

@article{chen2014big,
    title={Big data: A survey},
    author={Chen, Min and Mao, Shiwen and Liu, Yunhao},
    journal={Mobile networks and applications},
    volume={19},
    number={2},
    pages={171--209},
    year={2014},
    publisher={Springer}
}

@inproceedings{rai2013behavior,
    title={Behavior pattern detection for data assimilation in agent-based
           simulation of smart environments},
    author={Rai, Sanish and Hu, Xiaolin},
    booktitle={2013 IEEE/WIC/ACM International Joint Conferences on Web
               Intelligence (WI) and Intelligent Agent Technologies (IAT)},
    volume={2},
    pages={171--178},
    year={2013},
    organization={IEEE}
}

@article{keller2018comparing,
    title={Comparing seven variants of the Ensemble Kalman Filter: How many
           synthetic experiments are needed?},
    author={Keller, Johannes and Hendricks Franssen, Harrie-Jan and
            Marquart, Gabriele},
    journal={Water Resources Research},
    volume={54},
    number={9},
    pages={6299--6318},
    year={2018},
    publisher={Wiley Online Library}
}

@incollection{crooks2012introduction,
    title={Introduction to agent-based modelling},
    author={Crooks, Andrew T and Heppenstall, Alison J},
    booktitle={Agent-based models of geographical systems},
    pages={85--105},
    year={2012},
    publisher={Springer}
}

@inproceedings{wang2013data,
    title={Data assimilation in agent based simulation of smart environment},
    author={Wang, Minghao and Hu, Xiaolin},
    booktitle={Proceedings of the 1st ACM SIGSIM Conference on Principles
               of Advanced Discrete Simulation},
    pages={379--384},
    year={2013},
    organization={ACM}
}

@article{wang2017random,
    title={Random Finite Set Based Data Assimilation for Dynamic Data Driven
           Simulation of Maritime Pirate Activity},
    author={Wang, Peng and Li, Ge and Ju, Rusheng and Peng, Yong},
    journal={Mathematical Problems in Engineering},
    volume={2017},
    year={2017},
    publisher={Hindawi}
}

@article{li2017exploring,
    title={Exploring the performance of spatio-temporal assimilation in an
           urban cellular automata model},
    author={Li, Xuecao and Lu, Hui and Zhou, Yuyu and Hu, Tengyun and Liang,
            Lu and Liu, Xiaoping and Hu, Guohua and Yu, Le},
    journal={International Journal of Geographical Information Science},
    volume={31},
    number={11},
    pages={2195--2215},
    year={2017},
    publisher={Taylor \& Francis}
}

@article{li2012assimilating,
    title={Assimilating process context information of cellular automata into
           change detection for monitoring land use changes},
    author={Li, Xia and Zhang, Yihan and Liu, Xiaoping and Chen, Yimin},
    journal={International Journal of Geographical Information Science},
    volume={26},
    number={9},
    pages={1667--1687},
    year={2012},
    publisher={Taylor \& Francis}
}

@article{grewal1995kalman,
    title={Kalman filtering: Theory and practice},
    author={Grewal, Mohinder S and Andrews, Angus P and Bass, RW},
    journal={IEEE Transactions on Automatic Control},
    volume={40},
    number={11},
    pages={1983},
    year={1995},
    publisher={New York, NY: Institute of Electrical and
               Electronics Engineers, 1963-}
}

@article{kalman1961new,
    title={New results in linear filtering and prediction theory},
    author={Kalman, Rudolph E and Bucy, Richard S},
    journal={Journal of basic engineering},
    volume={83},
    number={1},
    pages={95--108},
    year={1961},
    publisher={American Society of Mechanical Engineers}
}

@book{wiener1950extrapolation,
    title={Extrapolation, interpolation, and smoothing of stationary time
           series: with engineering applications},
    author={Wiener, Norbert},
    year={1950},
    publisher={Technology Press}
}

@article{jazwinski1970mathematics,
    title={Mathematics in science and engineering},
    author={Jazwinski, Andrew H},
    journal={Stochastic processes and filtering theory},
    volume={64},
    year={1970},
    publisher={Academic Press}
}

@book{bar2004estimation,
    title={Estimation with applications to tracking and navigation: theory
           algorithms and software},
    author={Bar-Shalom, Yaakov and Li, X Rong and Kirubarajan,
            Thiagalingam},
    year={2004},
    publisher={John Wiley \& Sons}
}

@article{wikle2007bayesian,
    title={A Bayesian tutorial for data assimilation},
    author={Wikle, Christopher K and Berliner, L Mark},
    journal={Physica D: Nonlinear Phenomena},
    volume={230},
    number={1-2},
    pages={1--16},
    year={2007},
    publisher={Elsevier}
}

@article{zanella2014internet,
    title={Internet of things for smart cities},
    author={Zanella, Andrea and Bui, Nicola and Castellani, Angelo and
            Vangelista, Lorenzo and Zorzi, Michele},
    journal={IEEE Internet of Things journal},
    volume={1},
    number={1},
    pages={22--32},
    year={2014},
    publisher={IEEE}
}

@article{katzfuss2016understanding,
    title={Understanding the ensemble Kalman filter},
    author={Katzfuss, Matthias and Stroud, Jonathan R and Wikle, Christopher K},
    journal={The American Statistician},
    volume={70},
    number={4},
    pages={350--357},
    year={2016},
    publisher={Taylor \& Francis}
}

@article{helbing1995social,
    title={Social force model for pedestrian dynamics},
    author={Helbing, Dirk and Molnar, Peter},
    journal={Physical review E},
    volume={51},
    number={5},
    pages={4282},
    year={1995},
    publisher={APS}
}

@article{talagrand1997assimilation,
    title={Assimilation of Observations, an Introduction},
    author={Talagrand, Olivier},
    journal={Journal of the Meteorological Society of Japan},
    volume={75},
    number={1B},
    pages={191--209},
    year={1997}
}

@article{mandel2009brief,
    title={A brief tutorial on the ensemble Kalman filter},
    author={Mandel, Jan},
    journal={arXiv preprint arXiv:0901.3725},
    year={2009}
}

@article{council2019leeds,
    title={Leeds city centre footfall data},
    author={{Leeds City Council}},
    year={2019},
    url={https://data.gov.uk/dataset/dec652ac-2c1c-4494-bf90-87dbdf790fec/leeds-city-centre-footfall-data}
}

@article{cosgrove2015agent,
    title={Agent-Based Modeling in Systems Pharmacology},
    author={Cosgrove, J and Butler, J and Alden, K and Read, M and Kumar, V and Cucurull-Sanchez, L and Timmis, J and Coles, M},
    journal={CPT: pharmacometrics \& systems pharmacology},
    volume={4},
    number={11},
    pages={615--629},
    year={2015},
    publisher={Wiley Online Library}
}

@article{railsback2002analysis,
    title={Analysis of Habitat-Selection Rules Using an Individual-Based Model},
    author={Railsback, Steven F and Harvey, Bret C},
    journal={Ecology},
    pages={1817--1830},
    year={2002},
    publisher={JSTOR}
}

@article{bonabeau2002agent,
    title={Agent-based modeling: Methods and techniques for simulating human systems},
    author={Bonabeau, Eric},
    journal={Proceedings of the national academy of sciences},
    volume={99},
    number={suppl 3},
    pages={7280--7287},
    year={2002},
    publisher={National Acad Sciences}
}

@inproceedings{parunak1998agent,
    title={Agent-based modeling vs. equation-based modeling: A case study and users’ guide},
    author={Parunak, H Van Dyke and Savit, Robert and Riolo, Rick L},
    booktitle={International Workshop on Multi-Agent Systems and Agent-Based Simulation},
    pages={10--25},
    year={1998},
    organization={Springer}
}

@article{couclelis2002modeling,
    title={Modeling frameworks, paradigms, and approaches},
    author={Couclelis, Helen},
    journal={Geographic Information Systems and Environmental Modelling, Prentice Hall, London},
    year={2002}
}

@article{schelling1971dynamic,
    title={Dynamic models of segregation},
    author={Schelling, Thomas C},
    journal={Journal of mathematical sociology},
    volume={1},
    number={2},
    pages={143--186},
    year={1971},
    publisher={Taylor \& Francis}
}

@article{gan2014comprehensive,
    title={A comprehensive evaluation of various sensitivity analysis methods: A case study with a hydrological model},
    author={Gan, Yanjun and Duan, Qingyun and Gong, Wei and Tong, Charles and Sun, Yunwei and Chu, Wei and Ye, Aizhong and Miao, Chiyuan and Di, Zhenhua},
    journal={Environmental Modelling \& Software},
    volume={51},
    pages={269--285},
    year={2014},
    publisher={Elsevier}
}

@article{kleijnen1995sensitivity,
    title={Sensitivity Analysis and Related Analyses: a Survey of Statistical Techniques},
    author={Kleijnen, Jack PC},
    year={1995}
}

@article{kirkpatrick1983optimization,
    title={Optimization by simulated annealing},
    author={Kirkpatrick, Scott and Gelatt, C Daniel and Vecchi, Mario P},
    journal={science},
    volume={220},
    number={4598},
    pages={671--680},
    year={1983},
    publisher={American Association for the Advancement of Science}
}

@article{duboz2010application,
    title={Application of an evolutionary algorithm to the inverse parameter estimation of an individual-based model},
    author={Duboz, Rapha{\"e}l and Versmisse, David and Travers, Morgane and Ramat, Eric and Shin, Yunne-Jai},
    journal={Ecological modelling},
    volume={221},
    number={5},
    pages={840--849},
    year={2010},
    publisher={Elsevier}
}

@article{jabot2013easy,
    title={Easy ABC: performing efficient approximate B ayesian computation sampling schemes using R},
    author={Jabot, Franck and Faure, Thierry and Dumoulin, Nicolas},
    journal={Methods in Ecology and Evolution},
    volume={4},
    number={7},
    pages={684--687},
    year={2013},
    publisher={Wiley Online Library}
}

@article{van2015calibration,
    title={Calibration and evaluation of individual-based models using Approximate Bayesian Computation},
    author={van der Vaart, Elske and Beaumont, Mark A and Johnston, Alice SA and Sibly, Richard M},
    journal={Ecological Modelling},
    volume={312},
    pages={182--190},
    year={2015},
    publisher={Elsevier}
}

@article{beaumont2010approximate,
    title={Approximate Bayesian computation in evolution and ecology},
    author={Beaumont, Mark A},
    journal={Annual review of ecology, evolution, and systematics},
    volume={41},
    pages={379--406},
    year={2010},
    publisher={Annual Reviews}
}

@article{zhang2011model,
    title={The CA model based on data assimilation},
    author={Zhang, Yihan and Li, Xia and Liu, Xiaoping and Qiao, Jigang},
    journal={Journal of Remote Sensing},
    volume={15},
    number={3},
    pages={475--491},
    year={2011}
}

@article{zhang2013urban,
    title={Urban expansion simulation by coupling remote sensing observations and cellular automata},
    author={Zhang, YH and Li, Xia and Liu, XP and Qiao, JG and He, ZJ},
    journal={Journal of Remote Sensing},
    volume={17},
    number={4},
    pages={872--886},
    year={2013}
}

@article{verstegen2014identifying,
    title={Identifying a land use change cellular automaton by Bayesian data assimilation},
    author={Verstegen, Judith A and Karssenberg, Derek and Van Der Hilst, Floor and Faaij, Andr{\'e} PC},
    journal={Environmental Modelling \& Software},
    volume={53},
    pages={121--136},
    year={2014},
    publisher={Elsevier}
}

